<record><leader>00000cas a22000007a 4500</leader><controlfield tag="001">38824295</controlfield><controlfield tag="008">980323d19301934ncuwr ne      0    0eng d</controlfield><datafield ind1=" " ind2=" " tag="010"><subfield code="a">sn 97064609 </subfield></datafield><datafield ind1=" " ind2=" " tag="040"><subfield code="a">NVJ</subfield><subfield code="b">eng</subfield><subfield code="c">NVJ</subfield><subfield code="d">OCLCQ</subfield></datafield><datafield ind1=" " ind2=" " tag="042"><subfield code="a">msc</subfield></datafield><datafield ind1="0" ind2=" " tag="130"><subfield code="a">Madison County times (Marshall, N.C.)</subfield></datafield><datafield ind1="1" ind2="0" tag="245"><subfield code="a">Madison County times.</subfield></datafield><datafield ind1=" " ind2=" " tag="260"><subfield code="a">Marshall, N.C. :</subfield><subfield code="b">T.H. Campbell</subfield></datafield><datafield ind1=" " ind2=" " tag="300"><subfield code="a">v.</subfield></datafield><datafield ind1=" " ind2=" " tag="310"><subfield code="a">Weekly</subfield></datafield><datafield ind1="0" ind2=" " tag="362"><subfield code="a">Vol. 1, no. 1 (Jan. 15, 1930)-</subfield></datafield><datafield ind1="1" ind2=" " tag="362"><subfield code="a">Ceased in 1934.</subfield></datafield><datafield ind1=" " ind2=" " tag="752"><subfield code="a">United States</subfield><subfield code="b">North Carolina</subfield><subfield code="c">Madison</subfield><subfield code="d">Marshall.</subfield></datafield><datafield ind1="0" ind2="4" tag="785"><subfield code="t">News-record (Marshall, N.C.)</subfield><subfield code="w">(DLC)sn 92074087</subfield></datafield></record>